@misc{treccani,
author = {Treccani},
title = {Treccani, il portale del sapere},
year = {1996},
url = {http://www.treccani.it}}

@misc{sdgs,
author = {United Nations (ONU)},
title = {THE 17 GOALS - Sustainable Development Goals},
year = {2015},
url = {https://sdgs.un.org}}

@misc{owg,
author = {Open Working Group (OWG)},
title = {Open Working Group on Sustainable Development Goals},
year = {2012},
url = {https://sustainabledevelopment.un.org/owg.html}}


@ARTICLE {reportONU,
    author  = "United Nations (ONU)",
    title   = "Progress towards the Sustainable Development Goals",
    journal = "Report of the Secretary-General",
    year    = "2020"
}

@ARTICLE {stateOfFood,
    author  = "Food and Agriculture Organization (FAO)",
    title   = "BUILDING CLIMATE RESILIENCE FOR FOOD SECURITY AND NUTRITION",
    journal = "The State of Food Security and Nutrition in the World 2018",
    year    = "2018"
}

@misc{italianCostitution,
author = {Senato della Repubblica},
title = {Costituzione della Repubblica Italiana},
year = {2012},
url = {https://www.senato.it/documenti/repository/istituzione/costituzione.pdf}}

@misc{dataVisual,
author = {tableau.com},
title = {Data visualization beginner's guide: a definition, examples, and learning resources},
year = {2003},
url = {https://www.tableau.com/}}

@misc{oracle,
author = {Oracle},
title = {5 Best Practice for Data Visualization},
year = {1977},
url = {https://blogs.oracle.com}}

@misc{mathsin,
author = {mathsisfun.com},
title = {Scatter Plots},
year = {2017},
url = {https://www.mathsisfun.com}}

@misc{klipfolio,
author = {klipfolio.com},
title = {Choosing the right dashboard report},
year = {2001},
url = {www.klipfolio.com}}

@CONFERENCE {stoccolma,
    author    = "United Nations (ONU)",
    title     = "Declaration of the United Nations Conference on the Human Environment",
    booktitle = "Declaration of Stockholm 1972",
    year      = "1972"
}

@CONFERENCE {ourCommon,
    author    = "United Nations (ONU)",
    title     = "Report of the World Commission on Environment and Development",
    booktitle = "Our Common Future",
    year      = "1987"
}

@ARTICLE {futureWeWant,
    author  = "United Nations (ONU)",
    title   = "Future We Want – Outcome document .:. Sustainable Development Knowledge Platform",
    journal = "Sustainabledevelopment.un.org",
    year    = "2016"
}

@misc{oxofordDictionary,
author = {Oxford Dictionary},
title = {Oxford Learner's Dictionaries},
year = {1989},
url = {https://www.oxfordlearnersdictionaries.com}}

@misc{martech,
author = {Martech Zone},
title = {Why Infographics are so popular},
year = {2019},
url = {https://martech.zone/infographics-popular}}

@misc{facebook,
author = {Facebook},
title = {How Virtual Reality Facilitates Social Connection},
year = {2017},
url = {https://www.facebook.com/business/news/insights/how-virtual-reality-facilitates-social-connection}}

@misc{venngage,
author = {Venngage},
title = {The Ultimate Infographic Design Guide: 13 Tricks For Better Designs},
year = {2017},
url = {https://venngage.com/blog/infographic-design/}}


@misc{wmo,
author = {WMO},
title = {WMO Confirms Past 4 years Were Warmest Record},
year = {2019},
url = {https://public.wmo.int/en/media/press-release/wmo-confirms-past-4-years-were-warmest-record}}


@misc{co2Green,
author = {Our World In Data},
title = {CO2 and Greenhouse Gas Emissions},
year = {2017},
url = {https://ourworldindata.org/co2-and-other-greenhouse-gas-emissions}}

@misc{whosResponsible,
author = {Kurzgesagt – In a Nutshell},
title = {Who Is Responsible For Climate Change? – Who Needs To Fix It?},
year = {2020},
url = {https://www.youtube.com/watch?v=ipVxxxqwBQw&list=PLUL8tBmU1PeEh-2EXcNMJrKLQ_Fv5aP1E&index=2&t=0s}}

@misc{bureau,
author = {United Nations (ONU)},
title = {Technical report by the Bureau of the United Nation s Statistical Commission (UNSC)
on the process of the development of an indicator f ramework for the goals and targets
of the post-2015 development agenda},
year = {2015},
url = {https://sustainabledevelopment.un.org/content/documents/6754Technical\%20report\%20of\%20the\%20UNSC\%20Bureau\%20(final).pdf}}

@misc{goals,
author = {United Nations (ONU)},
title = {United Nations Development Programme (UNDP)},
year = {2017},
url = {https://www.undp.org/content/undp/en/home/sustainable-development-goals.html}}


@misc{gini,
author = {UniPi},
title = {La curva di Lorenz e il Coefficiente di Gini},
year = {2014},
url = {http://web.jus.unipi.it/wp-content/uploads/2014/05/Curva-Lorenz-e-coefficiente-Gini.pdf}}

@misc{strucData,
author = {Learning Hub | G2},
title = {Structured vs Unstructured Data – What's the Difference?},
year = {2018},
url = {
https://learn.g2.com/structured-vs-unstructured-data#:~:text=Structured\%20data\%20is\%20highly\%2Dorganized,collect\%2C\%20process\%2C\%20and\%20analyze
}}

@ARTICLE {interactive,
    author  = "Daniel Vogel, Ravin Balakrishnan",
    title   = "Interactive Public Ambient Displays: Transitioning from Implicit to Explicit, Public to Personal, Interaction with Multiple Users",
    journal = "Department of Computer Science, University of Toronto",
    year    = "2016"
}

@misc{intVideo,
author = {Daniel Vogel},
title = {Interactive Public Ambient Displays},
year = {2007},
url = {https://www.youtube.com/watch?v=aFl71SPeYto
}}


%%CHAP 2 


@misc{bootstrap,
author = {Bootstrap},
title = {Bootstrap · The most popular HTML, CSS, and JS library in the world},
year = {2011},
url = {https://getbootstrap.com/}}

@misc{bootstrapDoc,
author = {Bootstrap},
title = {Bootstrap Documentation},
year = {2011},
url = {https://getbootstrap.com/docs/4.5/getting-started/introduction/
}}

@misc{svgOfficial,
author = {W3C},
title = {SCALABLE VECTOR GRAPHICS (SVG)},
year = {2010},
url = {https://www.w3.org/Graphics/SVG}}

@misc{reactGetStart,
author = {Facebook Inc.},
title = {React: Getting Started},
year = {2020},
url = {https://it.reactjs.org/docs/getting-started.html}}

@misc{nodejs,
author = {OpenJS Foundation},
title = {Node.js},
year = {2020},
url = {https://nodejs.org/en/}}

@misc{npmDoc,
author = {npm Inc.},
title = {npm, Javascript Package Manager Documentation},
year = {2020},
url = {https://docs.npmjs.com/cli/npm}}


@misc{mobileFirst,
author = {Nicola Bano},
title = {Strategia e design mobile first. Come, quando e perché.},
year = {2017},
url = {https://blog.leevia.com/web-marketing/mobile-first/}
}

@misc{thinkReact,
author = {Facebook Inc.},
title = {React: Thinking in React},
year = {2020},
url = {https://it.reactjs.org/docs/thinking-in-react.html}
}

%%CAP 3
%% IMG

@misc{onuImg,
author = {Redazione Napolitan},
title = {IL COORDINAMENTO NAZIONALE DOCENTI DELLA DISCIPLINA DEI DIRITTI UMANI, RICORDA L’IMPORTANZA DELL’ONU},
year = {2016},
url = {https://www.napolitan.it/2016/10/21/54450/onu/}}

@misc{mdgImg,
author = {Gavi, The Vaccine Alliance},
title = {Millennium Development Goals},
year = {2020},
url = {https://www.gavi.org/our-alliance/global-health-development/millennium-development-goals}}

@misc{sdgImg,
author = {United Nations (ONU)},
title = {E SDG Web Files with UN Emblem},
year = {2015},
url = {https://www.un.org/en/images/sustainabledevelopment/English/UN%20Entities/WEB%20FILES.zip}}

@misc{wikipediaSVG,
author = {Wikipedia - the free encyclopedia},
title = {The difference between bitmap and vector images.},
year = {2006},
url = {https://it.wikipedia.org/wiki/Scalable_Vector_Graphics#/media/File:Bitmap_VS_SVG.svg}}

@misc{reactImg,
author = {WorldVectorLogo},
title = {React vector (SVG) logo},
year = {2020},
url = {https://worldvectorlogo.com/logo/react}}

@misc{animejs,
author = {Anime.js},
title = {Anime.js},
year = {2019},
url = {https://animejs.com/}}


@misc{animeDoc,
author = {Anime.js},
title = {Anime.js Documentation},
year = {2019},
url = {https://animejs.com/documentation/}}

@misc{snapSite,
author = {Snap.svg},
title = {Snap.svg, The JavaScript SVG library for the modern web},
year = {2017},
url = {http://snapsvg.io/}}

@misc{openweatherGuide,
author = {OpenWeather},
title = {OpenWeatherMap API guide},
year = {2012},
url = {https://openweathermap.org/guide}}


@misc{sunriseSunset,
author = {Sunrise-Sunset},
title = {Sunset and sunrise times API},
year = {2014},
url = {https://sunrise-sunset.org/api}}

@misc{reactPage,
author = {Facebook Inc.},
title = {React - A JavaScript library for building user interfaces},
year = {2020},
url = {https://it.reactjs.org/}}

@misc{reactCond,
author = {Facebook Inc.},
title = {React - A JavaScript library for building user interfaces},
year = {2020},
url = {https://en.reactjs.org/docs/conditional-rendering.html}}

@misc{openweatherWeather,
author = {OpenWeather},
title = {OpenWeatherMap Weather Conditions},
year = {2012},
url = {https://openweathermap.org/weather-conditions}}


@misc{reactGlobal,
author = {schiehll},
title = {react-globally},
year = {2020},
url = {https://www.npmjs.com/package/react-globally}}

@misc{openWeather,
author = {OpenWeather},
title = {OpenWeatherMap: Current weather and forecast},
year = {2012},
url = {https://openweathermap.org/}}


@misc{bootstrapGrid,
author = {Bootstrap},
title = {Bootstrap Grid System},
year = {2011},
url = {https://getbootstrap.com/docs/4.0/layout/grid/}}

@misc{sass,
author = {Sass team},
title = {Sass: Syntactically Awesome Style Sheets},
year = {2006},
url = {https://sass-lang.com/}}


@misc{typescript,
author = {Microsoft},
title = {TypeScript: Typed JavaScript at Any Scale},
year = {2012},
url = {https://www.typescriptlang.org/}}
